<record><leader>00000cas a22000007a 4500</leader><controlfield tag="001">19018561</controlfield><controlfield tag="008">890113d19741983mduwr ne      0    0eng d</controlfield><datafield ind1=" " ind2=" " tag="010"><subfield code="a">sn 88065738 </subfield></datafield><datafield ind1=" " ind2=" " tag="040"><subfield code="a">MFN</subfield><subfield code="b">eng</subfield><subfield code="c">MFN</subfield><subfield code="d">OCLCQ</subfield></datafield><datafield ind1=" " ind2=" " tag="042"><subfield code="a">msc</subfield></datafield><datafield ind1="0" ind2=" " tag="130"><subfield code="a">Howard County news (Ellicott City, Md.)</subfield></datafield><datafield ind1="1" ind2="4" tag="245"><subfield code="a">The Howard County news.</subfield></datafield><datafield ind1=" " ind2=" " tag="260"><subfield code="a">Ellicott City, Md. :</subfield><subfield code="b">Central Maryland Publishers</subfield></datafield><datafield ind1=" " ind2=" " tag="300"><subfield code="a">v.</subfield></datafield><datafield ind1=" " ind2=" " tag="310"><subfield code="a">Weekly</subfield></datafield><datafield ind1="0" ind2=" " tag="362"><subfield code="a">Vol. 11, no. 20 (Apr. 4, 1974)-v. 22, no. 4 (Dec. 1, 1983).</subfield></datafield><datafield ind1=" " ind2=" " tag="752"><subfield code="a">United States</subfield><subfield code="b">Maryland</subfield><subfield code="c">Howard</subfield><subfield code="d">Ellicott City.</subfield></datafield><datafield ind1="0" ind2="0" tag="780"><subfield code="t">Central Maryland news</subfield><subfield code="w">(DLC)sn 89060084</subfield></datafield></record>